@article{JSScondori2018,
title = "Characterizing the contribution of quality requirements to software sustainability",
keywords = "Quality requirements, Software-intensive systems, Survey, Sustainability",
author = "Nelly Condori-Fernandez and Patricia Lago",
year = "2018",
month = "3",
day = "1",
doi = "10.1016/j.jss.2017.12.005",
language = "English",
volume = "137",
pages = "289--305",
journal = "Journal of Systems and Software",
issn = "0164-1212",
publisher = "Elsevier Inc.",
}