%% Keep references consistent.
%%
%% Ensure that all entries use the same abbreviations for venues.
%%
%% Remove irrelevant information (pages, publisher address, and location, for
%%  instance, are no longer useful.)
%%

@article{Keshav-SIGCOMMCCR2007,
	author = {Keshav, S.},
	journal = {SIGCOMM Comput. Commun. Rev.},
	month = {July},
	title = {{How to Read a Paper}},
	volume = {37},
	year = {2007}}

@misc{Jones-Talk2015,
	author = {Simon Peyton Jones},
	howpublished = {The Programming Languages Mentoring Workshop at ICFP.~\url{https://www.cis.upenn.edu/~sweirich/icfp-plmw15/slides/peyton-jones.pdf}},
	title = {{How to write a great research paper: Seven simple suggestions}},
	year = {2015}}

@misc{Heiser-Talk2018,
	author = {Gernot Heiser},
	howpublished = {TS Bootcamp~\url{http://gernot-heiser.org/talk-howto-paper.pdf}},
	month = {May},
	title = {{How to Write a Good Paper}},
	year = {2018}}

@misc{Hanrahan-Talk2015,
	author = {Pat Hanrahan},
	howpublished = {\url{http://cs448h.stanford.edu/write.pdf}},
	title = {{How to Write a (Systems) Paper}},
	year = {2015}}

@book{William-Strunk-Jr.-Book1918,
	author = {{William Strunk Jr.}},
	title = {{The Elements of Style}},
	year = {1918}}

@misc{VUSec-WebArticle2022,
	author = {VUSec},
	howpublished = {\url{https://download.vusec.net/resources/thesis/guidelines/thesis-guide.pdf}},
	title = {{Everything you need to know about writing a thesis}},
	year = {2022}}

@misc{Heiser-WebArticle2022,
	author = {Gernot Heiser},
	howpublished = {\url{http://gernot-heiser.org/style-guide.html}},
	title = {{Tips and Guidance for Students and ECRs Writing Papers and Reports}},
	year = {2022}}

@misc{Trivedi-WebArticle2021,
	author = {Animesh K. Trivedi},
	howpublished = {\url{https://github.com/animeshtrivedi/animeshtrivedi.github.io/raw/master/files/2021/vu_thesis_template_advice.pdf}},
	title = {{Notes on CS BSc and MSc Thesis Content at VU Amsterdam}},
	year = {2021}}

@misc{secartifacts,
	howpublished = {\url{https://secartifacts.github.io}},
	title = {Security Research Artifacts}
}
